@incollection{Abedon1994,
  author = "Abedon, S. T.",
  title = "Lysis and the interaction between free phages and infected cells",
  pages = "397--405",
  booktitle = "Molecular biology of bacteriophage T4",
  editor = "Karam, Jim D. Karam and Drake, John W. and Kreuzer, Kenneth N. and Mosig, Gisela
            and Hall, Dwight and Eiserling, Frederick A. and Black, Lindsay W. and Kutter, Elizabeth
            and Carlson, Karin and Miller, Eric S. and Spicer, Eleanor",
  publisher = "ASM Press, Washington DC",
  year = "1994"
}

@misc{
    c.elmohamed,
    author = "Saleh Elmohamed",
    title = "Examples in {H}igh {P}erformance {F}ortran",
    howpublished = "Website",
    year = {1996},
    note = {\url{http://www.npac.syr.edu/projects/
                    cpsedu/summer98summary/ examples/hpf/hpf.html}}
}
